@article{Golem2016,
author = {Golem},
file = {:home/melian/Documents/mendeleydesktop-1.17.11-linux-x86{\_}64/Refs/Golem-white-paper.pdf:pdf},
journal = {Golem.Network},
number = {November},
pages = {1--28},
title = {{The Golem Project Crowdfunding Whitepaper}},
url = {https://golem.network/crowdfunding/Golemwhitepaper.pdf},
year = {2016}
}
